@article{chembl_db_2023,
  title     = {The ChEMBL Database in 2023: a drug discovery platform spanning multiple bioactivity data types and time periods},
  volume    = {52},
  doi       = {https://doi.org/10.1093/nar/gkad1004},
  number    = {D1},
  journal   = {Nucleic Acids Research},
  publisher = {Oxford University Press},
  author    = {Zdrazil, Barbara and Félix, Eloy and Hunter, Fiona and Manners, Emma and Blackshaw, James and Corbett, Sybilla and Marleen De Veij and Ioannidis, Harris and Méndez, David and Mosquera, Juan F and María Paula Magariños and Bosc, Nicolas and Arcila, Ricardo and Tevfik Kizilören and Gaulton, Anna and A. Patrícia Bento and Adasme, Melissa F and Monecke, Peter and Landrum, Gregory A and Leach, Andrew R},
  year      = {2023},
  month     = {Nov}
}}

@article{baell_holloway_2010,
  title   = {New Substructure Filters for Removal of Pan Assay Interference Compounds (PAINS) from Screening Libraries and for Their Exclusion in Bioassays},
  volume  = {53},
  doi     = {https://doi.org/10.1021/jm901137j},
  number  = {7},
  journal = {Journal of Medicinal Chemistry},
  author  = {Baell, Jonathan B. and Holloway, Georgina A.},
  year    = {2010},
  month   = {Apr},
  pages   = {2719–2740}
}

@article{maggiora_vogt_stumpfe_bajorath_2013,
  title   = {Molecular Similarity in Medicinal Chemistry},
  volume  = {57},
  doi     = {https://doi.org/10.1021/jm401411z},
  number  = {8},
  journal = {Journal of Medicinal Chemistry},
  author  = {Maggiora, Gerald and Vogt, Martin and Stumpfe, Dagmar and Bajorath, Jürgen},
  year    = {2013},
  month   = {Nov},
  pages   = {3186–3204}
}

@article{pharos_2022,
  title   = {Pharos 2023: an integrated resource for the understudied human proteome},
  volume  = {51},
  doi     = {https://doi.org/10.1093/nar/gkac1033},
  number  = {D1},
  journal = {Nucleic Acids Research},
  author  = {Kelleher, Keith J and Sheils, Timothy K and Mathias, Stephen L and Yang, Jeremy J and Metzger, Vincent T and Siramshetty, Vishal B and Nguyen, Dac-Trung and Jensen, Lars Juhl and Vidović, Dušica and Schürer, Stephan C and Holmes, Jayme and Sharma, Karlie R and Pillai, Ajay and Bologa, Cristian G and Edwards, Jeremy S and Mathé, Ewy A and Oprea, Tudor I},
  year    = {2022},
  month   = {Nov}
}


@article{eid_turk_volkamer_rippmann_fulle_2017,
  title   = {KinMap: a web-based tool for interactive navigation through human kinome data},
  volume  = {18},
  doi     = {https://doi.org/10.1186/s12859-016-1433-7},
  number  = {1},
  journal = {BMC Bioinformatics},
  author  = {Eid, Sameh and Turk, Samo and Volkamer, Andrea and Rippmann, Friedrich and Fulle, Simone},
  year    = {2017},
  month   = {Jan}
}

@article{manning_2002,
  author  = {G. Manning  and D. B. Whyte  and R. Martinez  and T. Hunter  and S. Sudarsanam },
  title   = {The Protein Kinase Complement of the Human Genome},
  journal = {Science},
  volume  = {298},
  number  = {5600},
  pages   = {1912-1934},
  year    = {2002},
  doi     = {10.1126/science.1075762},
  url     = {https://www.science.org/doi/abs/10.1126/science.1075762},
  eprint  = {https://www.science.org/doi/pdf/10.1126/science.1075762}
}
