@article{chembl_db_2023, title={The ChEMBL Database in 2023: a drug discovery platform spanning multiple bioactivity data types and time periods}, volume={52}, DOI={https://doi.org/10.1093/nar/gkad1004}, number={D1}, journal={Nucleic Acids Research}, publisher={Oxford University Press}, author={Zdrazil, Barbara and Félix, Eloy and Hunter, Fiona and Manners, Emma and Blackshaw, James and Corbett, Sybilla and Marleen De Veij and Ioannidis, Harris and Méndez, David and Mosquera, Juan F and María Paula Magariños and Bosc, Nicolas and Arcila, Ricardo and Tevfik Kizilören and Gaulton, Anna and A. Patrícia Bento and Adasme, Melissa F and Monecke, Peter and Landrum, Gregory A and Leach, Andrew R}, year={2023}, month={Nov} }

@article{maggiora_vogt_stumpfe_bajorath_2013, title={Molecular Similarity in Medicinal Chemistry}, volume={57}, DOI={https://doi.org/10.1021/jm401411z}, number={8}, journal={Journal of Medicinal Chemistry}, author={Maggiora, Gerald and Vogt, Martin and Stumpfe, Dagmar and Bajorath, Jürgen}, year={2013}, month={Nov}, pages={3186–3204} }

@article{pharos_2022, title={Pharos 2023: an integrated resource for the understudied human proteome}, volume={51}, DOI={https://doi.org/10.1093/nar/gkac1033}, number={D1}, journal={Nucleic Acids Research}, author={Kelleher, Keith J and Sheils, Timothy K and Mathias, Stephen L and Yang, Jeremy J and Metzger, Vincent T and Siramshetty, Vishal B and Nguyen, Dac-Trung and Jensen, Lars Juhl and Vidović, Dušica and Schürer, Stephan C and Holmes, Jayme and Sharma, Karlie R and Pillai, Ajay and Bologa, Cristian G and Edwards, Jeremy S and Mathé, Ewy A and Oprea, Tudor I}, year={2022}, month={Nov} }
